
@ARTICLE{2013Hosokawa,
   author = {{Hosokawa}, T. and {Yorke}, H.~W. and {Inayoshi}, K. and {Omukai}, K. and 
  {Yoshida}, N.},
    title = "{Formation of Primordial Supermassive Stars by Rapid Mass Accretion}",
  journal = {\apj},
archivePrefix = "arXiv",
   eprint = {1308.4457},
 primaryClass = "astro-ph.SR",
 keywords = {accretion, accretion disks, cosmology: theory, early universe, galaxies: formation, stars: formation},
     year = 2013,
    month = dec,
   volume = 778,
      eid = {178},
    pages = {178},
      doi = {10.1088/0004-637X/778/2/178},
   adsurl = {http://adsabs.harvard.edu/abs/2013ApJ...778..178H},
  adsnote = {Provided by the SAO/NASA Astrophysics Data System}
}
@ARTICLE{2003Bromm,
   author = {{Bromm}, V. and {Loeb}, A.},
    title = "{Formation of the First Supermassive Black Holes}",
  journal = {\apj},
   eprint = {astro-ph/0212400},
 keywords = {Black Hole Physics, Cosmology: Theory, Galaxies: Formation, Hydrodynamics, Galaxies: Quasars: General},
     year = 2003,
    month = oct,
   volume = 596,
    pages = {34-46},
      doi = {10.1086/377529},
   adsurl = {http://adsabs.harvard.edu/abs/2003ApJ...596...34B},
  adsnote = {Provided by the SAO/NASA Astrophysics Data System}
}
@ARTICLE{2016Latif,
   author = {{Latif}, M.~A. and {Ferrara}, A.},
    title = "{Formation of Supermassive Black Hole Seeds}",
  journal = {\pasa},
archivePrefix = "arXiv",
   eprint = {1605.07391},
 keywords = {(galaxies:) quasars: supermassive black holes, cosmology: theory, galaxies: high-redshift},
     year = 2016,
    month = oct,
   volume = 33,
      eid = {e051},
    pages = {e051},
      doi = {10.1017/pasa.2016.41},
   adsurl = {http://adsabs.harvard.edu/abs/2016PASA...33...51L},
  adsnote = {Provided by the SAO/NASA Astrophysics Data System}
}
@ARTICLE{2009Anders,
   author = {{Anders}, P. and {Baumgardt}, H. and {Bissantz}, N. and {Portegies Zwart}, S.
  },
    title = "{How well do STARLAB and NBODY4 compare? I. Simple models}",
  journal = {\mnras},
archivePrefix = "arXiv",
   eprint = {0902.4636},
 primaryClass = "astro-ph.IM",
 keywords = {methods: N-body simulations , methods: statistical , open clusters and associations: general},
     year = 2009,
    month = jun,
   volume = 395,
    pages = {2304-2316},
      doi = {10.1111/j.1365-2966.2009.14695.x},
   adsurl = {http://adsabs.harvard.edu/abs/2009MNRAS.395.2304A},
  adsnote = {Provided by the SAO/NASA Astrophysics Data System}
}

@ARTICLE{2012Anders,
   author = {{Anders}, P. and {Baumgardt}, H. and {Gaburov}, E. and {Portegies Zwart}, S.
  },
    title = "{How well do STARLAB and NBODY compare? II. Hardware and accuracy}",
  journal = {\mnras},
archivePrefix = "arXiv",
   eprint = {1201.5692},
 primaryClass = "astro-ph.IM",
 keywords = {methods: data analysis - methods: numerical - methods: statistical, open clusters and associations: general - galaxies: star clusters: general},
     year = 2012,
    month = apr,
   volume = 421,
    pages = {3557-3569},
      doi = {10.1111/j.1365-2966.2012.20581.x},
   adsurl = {http://adsabs.harvard.edu/abs/2012MNRAS.421.3557A},
  adsnote = {Provided by the SAO/NASA Astrophysics Data System}
}
@ARTICLE{2004SPZ,
   author = {{Portegies Zwart}, S.~F. and {Baumgardt}, H. and {Hut}, P. and 
  {Makino}, J. and {McMillan}, S.~L.~W.},
    title = "{Formation of massive black holes through runaway collisions in dense young star clusters}",
  journal = {\nat},
   eprint = {astro-ph/0402622},
     year = 2004,
    month = apr,
   volume = 428,
    pages = {724-726},
      doi = {10.1038/nature02448},
   adsurl = {http://adsabs.harvard.edu/abs/2004Natur.428..724P},
  adsnote = {Provided by the SAO/NASA Astrophysics Data System}
}
@ARTICLE{1964Chandrasekhar,
   author = {{Chandrasekhar}, S.},
    title = "{The Dynamical Instability of Gaseous Masses Approaching the Schwarzschild Limit in General Relativity.}",
  journal = {\apj},
     year = 1964,
    month = aug,
   volume = 140,
    pages = {417},
      doi = {10.1086/147938},
   adsurl = {http://adsabs.harvard.edu/abs/1964ApJ...140..417C},
  adsnote = {Provided by the SAO/NASA Astrophysics Data System}
}
@ARTICLE{2015Katz,
   author = {{Katz}, H. and {Sijacki}, D. and {Haehnelt}, M.~G.},
    title = "{Seeding high-redshift QSOs by collisional runaway in primordial star clusters}",
  journal = {\mnras},
archivePrefix = "arXiv",
   eprint = {1502.03448},
 keywords = {galaxies: high-redshift, quasars: supermassive black holes, galaxies: star clusters: general},
     year = 2015,
    month = aug,
   volume = 451,
    pages = {2352-2369},
      doi = {10.1093/mnras/stv1048},
   adsurl = {http://adsabs.harvard.edu/abs/2015MNRAS.451.2352K},
  adsnote = {Provided by the SAO/NASA Astrophysics Data System}
}

@ARTICLE{2011Kupper,
   author = {{K{\"u}pper}, A.~H.~W. and {Maschberger}, T. and {Kroupa}, P. and 
  {Baumgardt}, H.},
    title = "{Mass segregation and fractal substructure in young massive clusters - I. The McLuster code and method calibration}",
  journal = {\mnras},
archivePrefix = "arXiv",
   eprint = {1107.2395},
 keywords = {methods: data analysis, Magellanic Clouds, galaxies: star clusters: individual: R136},
     year = 2011,
    month = nov,
   volume = 417,
    pages = {2300-2317},
      doi = {10.1111/j.1365-2966.2011.19412.x},
   adsurl = {http://adsabs.harvard.edu/abs/2011MNRAS.417.2300K},
  adsnote = {Provided by the SAO/NASA Astrophysics Data System}
}
@ARTICLE{2015Wang,
   author = {{Wang}, L. and {Spurzem}, R. and {Aarseth}, S. and {Nitadori}, K. and 
  {Berczik}, P. and {Kouwenhoven}, M.~B.~N. and {Naab}, T.},
    title = "{NBODY6++GPU: ready for the gravitational million-body problem}",
  journal = {\mnras},
archivePrefix = "arXiv",
   eprint = {1504.03687},
 primaryClass = "astro-ph.IM",
 keywords = {methods: numerical, globular clusters: general},
     year = 2015,
    month = jul,
   volume = 450,
    pages = {4070-4080},
      doi = {10.1093/mnras/stv817},
   adsurl = {http://adsabs.harvard.edu/abs/2015MNRAS.450.4070W},
  adsnote = {Provided by the SAO/NASA Astrophysics Data System}
}
@ARTICLE{2002SPZ,
   author = {{Portegies Zwart}, S.~F. and {McMillan}, S.~L.~W.},
    title = "{The Runaway Growth of Intermediate-Mass Black Holes in Dense Star Clusters}",
  journal = {\apj},
   eprint = {astro-ph/0201055},
 keywords = {Stars: Binaries: Close, Galaxies: Bulges, Galaxies: Star Clusters, Galaxy: Globular Clusters: General, methods: N-body simulations, Stellar Dynamics},
     year = 2002,
    month = sep,
   volume = 576,
    pages = {899-907},
      doi = {10.1086/341798},
   adsurl = {http://adsabs.harvard.edu/abs/2002ApJ...576..899P},
  adsnote = {Provided by the SAO/NASA Astrophysics Data System}
}
@ARTICLE{1973Ahmad,
   author = {{Ahmad}, A. and {Cohen}, L.},
    title = "{A numerical integration scheme for the N-body gravitational problem.}",
  journal = {Journal of Computational Physics},
     year = 1973,
   volume = 12,
    pages = {389-402},
      doi = {10.1016/0021-9991(73)90160-5},
   adsurl = {http://adsabs.harvard.edu/abs/1973JCoPh..12..389A},
  adsnote = {Provided by the SAO/NASA Astrophysics Data System}
}
@ARTICLE{2012Nitadori,
   author = {{Nitadori}, K. and {Aarseth}, S.~J.},
    title = "{Accelerating NBODY6 with graphics processing units}",
  journal = {\mnras},
archivePrefix = "arXiv",
   eprint = {1205.1222},
 primaryClass = "astro-ph.IM",
 keywords = {methods: numerical, globular clusters: general},
     year = 2012,
    month = jul,
   volume = 424,
    pages = {545-552},
      doi = {10.1111/j.1365-2966.2012.21227.x},
   adsurl = {http://adsabs.harvard.edu/abs/2012MNRAS.424..545N},
  adsnote = {Provided by the SAO/NASA Astrophysics Data System}
}
@ARTICLE{1966King,
   author = {{King}, I.~R.},
    title = "{The structure of star clusters. III. Some simple dynamical models}",
  journal = {\aj},
     year = 1966,
    month = feb,
   volume = 71,
    pages = {64},
      doi = {10.1086/109857},
   adsurl = {http://adsabs.harvard.edu/abs/1966AJ.....71...64K},
  adsnote = {Provided by the SAO/NASA Astrophysics Data System}
}

@ARTICLE{2001Kroupa,
   author = {{Kroupa}, P.},
    title = "{On the variation of the initial mass function}",
  journal = {\mnras},
   eprint = {astro-ph/0009005},
 keywords = {BINARIES: GENERAL, STARS: FORMATION, STARS: KINEMATICS, STARS: LUMINOSITY FUNCTION, MASS FUNCTION, GLOBULAR CLUSTERS: GENERAL, OPEN CLUSTERS AND ASSOCIATIONS: GENERAL},
     year = 2001,
    month = apr,
   volume = 322,
    pages = {231-246},
      doi = {10.1046/j.1365-8711.2001.04022.x},
   adsurl = {http://adsabs.harvard.edu/abs/2001MNRAS.322..231K},
  adsnote = {Provided by the SAO/NASA Astrophysics Data System}
}
@ARTICLE{1965Kusta,
  title={Perturbation theory of Kepler motion based on spinor regularization},
  author={Kustaanheimo, P and Stiefel, E},
  journal={J. Math. Bd},
  volume={218},
  pages={27},
  year={1965}
}
@ARTICLE{1992Kochanek,
   author = {{Kochanek}, C.~S.},
    title = "{The dynamical evolution of tidal capture binaries}",
  journal = {\apj},
 keywords = {Binary Stars, Globular Clusters, Stellar Evolution, Stellar Motions, Capture Effect, Main Sequence Stars, Neutron Stars, Pulsars, Stellar Mass, Tides},
     year = 1992,
    month = feb,
   volume = 385,
    pages = {604-620},
      doi = {10.1086/170966},
   adsurl = {http://adsabs.harvard.edu/abs/1992ApJ...385..604K},
  adsnote = {Provided by the SAO/NASA Astrophysics Data System}
}
@ARTICLE{1999Aarseth,
   author = {{Aarseth}, S.~J.},
    title = "{From NBODY1 to NBODY6: The Growth of an Industry}",
  journal = {\pasp},
 keywords = {STARS: BINARIES: CLOSE, METHODS: MISCELLANEOUS, METHODS: N-BODY SIMULATIONS, CELESTIAL MECHANICS, STELLAR DYNAMICS},
     year = 1999,
    month = nov,
   volume = 111,
    pages = {1333-1346},
      doi = {10.1086/316455},
   adsurl = {http://adsabs.harvard.edu/abs/1999PASP..111.1333A},
  adsnote = {Provided by the SAO/NASA Astrophysics Data System}
}
@ARTICLE{1963Aarseth,
   author = {{Aarseth}, S.~J.},
    title = "{Dynamical evolution of clusters of galaxies, I}",
  journal = {\mnras},
     year = 1963,
   volume = 126,
    pages = {223},
      doi = {10.1093/mnras/126.3.223},
   adsurl = {http://adsabs.harvard.edu/abs/1963MNRAS.126..223A},
  adsnote = {Provided by the SAO/NASA Astrophysics Data System}
}
@misc{2017Wang,
  author = "{{Wang}}, L.}",
  year = 2017,
  month = nov,
  howpublished = "personal communication"
}
@ARTICLE{2017Khalisi,
  author="{{Khalisi}, E. and {Wang}, L. and {Spurzem}, R.}",
  title = "{NBODY6++: Manual for the Computer Code}",
  year = 2017,
  month = feb
}
@ARTICLE{2017Banados, 
   author = {{Ba{\~n}ados}, E. and {Venemans}, B.~P. and {Mazzucchelli}, C. and 
  {Farina}, E.~P. and {Walter}, F. and {Wang}, F. and {Decarli}, R. and 
  {Stern}, D. and {Fan}, X. and {Davies}, F. and {Hennawi}, J.~F. and 
  {Simcoe}, R. and {Turner}, M.~L. and {Rix}, H. and {Yang}, J. and 
  {Kelson}, D.~D. and {Rudie}, G. and {Winters}, J.~M.},
    title = "{An 800 million solar mass black hole in a significantly neutral universe at redshift 7.5}",
  journal = {ArXiv e-prints},
archivePrefix = "arXiv",
   eprint = {1712.01860},
 keywords = {Astrophysics - Astrophysics of Galaxies, Astrophysics - Cosmology and Nongalactic Astrophysics},
     year = 2017,
    month = dec,
   adsurl = {http://adsabs.harvard.edu/abs/2017arXiv171201860B},
  adsnote = {Provided by the SAO/NASA Astrophysics Data System}
}


@ARTICLE{2011Mortlock,
   author = {{Mortlock}, D.~J. and {Warren}, S.~J. and {Venemans}, B.~P. and
        {Patel}, M. and {Hewett}, P.~C. and {McMahon}, R.~G. and {Simpson}, C. and
        {Theuns}, T. and {Gonz{\'a}les-Solares}, E.~A. and {Adamson}, A. and
        {Dye}, S. and {Hambly}, N.~C. and {Hirst}, P. and {Irwin}, M.~J. and
        {Kuiper}, E. and {Lawrence}, A. and {R{\"o}ttgering}, H.~J.~A.
        },
    title = "{A luminous quasar at a redshift of z = 7.085}",
  journal = {\nat},
archivePrefix = "arXiv",
   eprint = {1106.6088},
 primaryClass = "astro-ph.CO",
     year = 2011,
    month = jun,
   volume = 474,
    pages = {616-619},
      doi = {10.1038/nature10159},
   adsurl = {http://adsabs.harvard.edu/abs/2011Natur.474..616M},
  adsnote = {Provided by the SAO/NASA Astrophysics Data System}
}



@ARTICLE{2015Wu,
   author = {{Wu}, X.-B. and {Wang}, F. and {Fan}, X. and {Yi}, W. and {Zuo}, W. and
        {Bian}, F. and {Jiang}, L. and {McGreer}, I.~D. and {Wang}, R. and
        {Yang}, J. and {Yang}, Q. and {Thompson}, D. and {Beletsky}, Y.
        },
    title = "{An ultraluminous quasar with a twelve-billion-solar-mass black hole at redshift 6.30}",
  journal = {\nat},
archivePrefix = "arXiv",
   eprint = {1502.07418},
     year = 2015,
    month = feb,
   volume = 518,
    pages = {512-515},
      doi = {10.1038/nature14241},
   adsurl = {http://adsabs.harvard.edu/abs/2015Natur.518..512W},
  adsnote = {Provided by the SAO/NASA Astrophysics Data System}
}



@ARTICLE{1985Zinn,
   author = {{Zinn}, R.},
    title = "{The globular cluster system of the galaxy. IV - The halo and disk subsystems}",
  journal = {\apj},
 keywords = {Galactic Structure, Globular Clusters, Metallicity, Milky Way Galaxy, Stellar Composition, Angular Velocity, Ellipticity, Histograms, Radial Velocity, Stellar Luminosity, Subdwarf Stars, Variable Stars},
     year = 1985,
    month = jun,
   volume = 293,
    pages = {424-444},
      doi = {10.1086/163249},
   adsurl = {http://adsabs.harvard.edu/abs/1985ApJ...293..424Z},
  adsnote = {Provided by the SAO/NASA Astrophysics Data System}
}


@ARTICLE{1911Plummer,
   author = {{Plummer}, H.~C.},
    title = "{On the problem of distribution in globular star clusters}",
  journal = {\mnras},
     year = 1911,
    month = mar,
   volume = 71,
    pages = {460-470},
      doi = {10.1093/mnras/71.5.460},
   adsurl = {http://adsabs.harvard.edu/abs/1911MNRAS..71..460P},
  adsnote = {Provided by the SAO/NASA Astrophysics Data System}
}


@ARTICLE{1962King,
   author = {{King}, I.},
    title = "{The structure of star clusters. I. an empirical density law}",
  journal = {\aj},
     year = 1962,
    month = oct,
   volume = 67,
    pages = {471},
      doi = {10.1086/108756},
   adsurl = {http://adsabs.harvard.edu/abs/1962AJ.....67..471K},
  adsnote = {Provided by the SAO/NASA Astrophysics Data System}
}




@ARTICLE{2007Evstigneeva,
   author = {{Evstigneeva}, E.~A. and {Gregg}, M.~D. and {Drinkwater}, M.~J. and
        {Hilker}, M.},
    title = "{Internal Properties of Ultracompact Dwarf Galaxies in the Virgo Cluster}",
  journal = {\aj},
   eprint = {astro-ph/0612483},
 keywords = {galaxies: abundances, galaxies: dwarf, galaxies: formation, galaxies: kinematics and dynamics, galaxies: star clusters, galaxies: structure},
     year = 2007,
    month = apr,
   volume = 133,
    pages = {1722-1740},
      doi = {10.1086/511958},
   adsurl = {http://adsabs.harvard.edu/abs/2007AJ....133.1722E},
  adsnote = {Provided by the SAO/NASA Astrophysics Data System}
}



@ARTICLE{2000Carraro,
   author = {{Carraro}, G. and {Lia}, C.},
    title = "{On the formation and evolution of the globular cluster omega Centauri}",
  journal = {\aap},
   eprint = {astro-ph/0003371},
 keywords = {GALAXY: GLOBULAR CLUSTERS: INDIVIDUAL: OMEGA CENTAURI, METHODS: N-BODY SIMULATIONS},
     year = 2000,
    month = may,
   volume = 357,
    pages = {977-980},
   adsurl = {http://adsabs.harvard.edu/abs/2000A%26A...357..977C},
  adsnote = {Provided by the SAO/NASA Astrophysics Data System}
}
